@book{posix,
author = "{IEEE}",
title = "{IEEE Standard for Information Technology --- Portable Operating System Interface 1003.1}",
publisher = "{IEEE}",
year = {2013}
}

@book{lapack,
author = { Anderson, E. and Bai, Z. and Bischof, C. and Blackford, S. and Demmel, J. and Dongarra, J. and Du Croz, J. and Greenbaum, A. and Hammarling, S. and McKenney, A. and Sorensen, D. },
title = {{LAPACK} Users' Guide},
edition = {Third},
Publisher = {Society for Industrial and Applied Mathematics},
Year = {1999},
Address = {Philadelphia, PA}
}

@article{cholmod,
author = {Y. Chen and T. A. Davis and W. W. Hager and S. Rajamanickam},
title = {CHOLMOD, supernodal sparse Cholesky factorization and update/downdate},
journal = {ACM Transactions on Mathematical Software},
year = {2009},
volume = "32",
number = "3",
}

@inbook{incomp1,
author = {E. L. Wilson and R. L. Taylor and W. P. Doherty and J. Ghaboussi},
title = {Incompatible Displacement Models},
pages = {43-57},
publisher = {Academic Press},
year = {1971},
booktitle = {Numerical and Computational Mechanics}}

@article{incomp2,
author = {R. L. Taylor and P. J. Beresford and E. L. Wilson},
title = {A non-conforming element for stress analysis},
journal = {International Journal for Numerical Methods in Engineering},
volume = 10,
year = 1976,
pages = {1211-1219}
}

@book{bathe,
author = {K. J. Bathe},
title = {Finite Element Procedures in Engineering Analysis},
publisher = {Prentice Hall},
year = {1982}
}

@book{mechanics,
author = {H. Troger and A. Steindl},
title = "{Vorlesungsunterlagen Mechanik für Technische Physiker}",
publisher = "{Technische Universität Wien}",
year = {2004}
}

@article{static-cond,
author = {E. L. Wilson},
title = {The static condensation algorithm},
journal = {International Journal of Numerical Methods in Engineering, Short Communications},
volume = 8,
number = 1,
year = 1974,
pages = {198-203}
}

@book{precond,
author = {A. M. Bruaset},
title = {A survey of preconditioned iterative mathods},
publisher = {John Wiley and Sons Inc.},
year = {1995}
}

@article{eigval,
author = {S. Hartmann},
title = {Computational Aspects of the Symmetric Eigenvalue Problem of Second Order Tensors},
journal = {Technische Mechanik},
volume = 23,
number = {2-4},
year = 2003,
pages = {283-294}
}


